<?xml version='1.0' encoding='utf-8'?>
<record xmlns="http://www.loc.gov/MARC21/slim" xmlns:xsi="http://www.w3.org/2001/XMLSchema-instance">
  <leader>^^^^^nim^a22003251a^4500</leader>
  <controlfield tag="001">002743830</controlfield>
  <controlfield tag="005">19971022000000.0</controlfield>
  <controlfield tag="007">ssolsnjlcmnnne</controlfield>
  <controlfield tag="008">940131s1987^^^^miunn^^^^^^^^^^hb1^^eng^d</controlfield>
  <datafield tag="028" ind1="0" ind2="2">
    <subfield code="a">GLS4</subfield>
    <subfield code="b">Great Lakes Storytelling.</subfield>
  </datafield>
  <datafield tag="035" ind1=" " ind2=" ">
    <subfield code="a">(RLIN)MIUV87-R0</subfield>
  </datafield>
  <datafield tag="035" ind1=" " ind2=" ">
    <subfield code="a">(OCoLC)16664032</subfield>
  </datafield>
  <datafield tag="040" ind1=" " ind2=" ">
    <subfield code="a">MiU-H</subfield>
    <subfield code="c">MiU-H</subfield>
    <subfield code="d">MiU-H</subfield>
  </datafield>
  <datafield tag="100" ind1="1" ind2=" ">
    <subfield code="a">Vander Ploeg, Pamela.</subfield>
  </datafield>
  <datafield tag="245" ind1="1" ind2="0">
    <subfield code="a">From the water's edge</subfield>
    <subfield code="h">[sound recording] :</subfield>
    <subfield code="b">stories of the Great Lakes Region /</subfield>
    <subfield code="c">told by Parent's Choice Award winner Pamela Vander Ploeg.</subfield>
  </datafield>
  <datafield tag="260" ind1=" " ind2=" ">
    <subfield code="a">Grand Haven, Mich. :</subfield>
    <subfield code="b">Great Lakes Storytelling,</subfield>
    <subfield code="c">c1987.</subfield>
  </datafield>
  <datafield tag="300" ind1=" " ind2=" ">
    <subfield code="a">1 sound cassette (ca. 4O min.) :</subfield>
    <subfield code="b">1 7/8 ips, stereo</subfield>
  </datafield>
  <datafield tag="500" ind1=" " ind2=" ">
    <subfield code="a">Title from container.</subfield>
  </datafield>
  <datafield tag="505" ind1="0" ind2=" ">
    <subfield code="a">Chicagoed. The old settler : adapted from My new home in northern Michigan / by Charles Jay -- Madame La Framboise -- The Walk-in-the-Water -- Death drum -- Christmas tree ship.</subfield>
  </datafield>
  <datafield tag="600" ind1="1" ind2="0">
    <subfield code="a">Jay, Charles W.</subfield>
  </datafield>
  <datafield tag="600" ind1="1" ind2="0">
    <subfield code="a">Laframboise, Magdelaine,</subfield>
    <subfield code="d">1790-1846.</subfield>
  </datafield>
  <datafield tag="600" ind1="1" ind2="0">
    <subfield code="a">Hubbard, Gurdon Saltonstall,</subfield>
    <subfield code="d">1802-1886.</subfield>
  </datafield>
  <datafield tag="610" ind1="2" ind2="0">
    <subfield code="a">Walk-in-the-water (Steamboat)</subfield>
  </datafield>
  <datafield tag="610" ind1="2" ind2="0">
    <subfield code="a">Rouse Simmons (Ship)</subfield>
  </datafield>
  <datafield tag="651" ind1=" " ind2="0">
    <subfield code="a">Michigan</subfield>
    <subfield code="x">History.</subfield>
  </datafield>
  <datafield tag="651" ind1=" " ind2="0">
    <subfield code="a">Great Lakes (North America)</subfield>
    <subfield code="x">History.</subfield>
  </datafield>
  <datafield tag="700" ind1="1" ind2=" ">
    <subfield code="a">Jay, Charles W.</subfield>
    <subfield code="t">My new home in northern Michigan.</subfield>
  </datafield>
  <datafield tag="852" ind1="8" ind2=" ">
    <subfield code="a">MiU-H</subfield>
    <subfield code="b">BENT</subfield>
    <subfield code="h">87495 Aa 2</subfield>
  </datafield>
  <datafield tag="998" ind1=" " ind2=" ">
    <subfield code="c">LAC</subfield>
    <subfield code="s">9114</subfield>
  </datafield>
  <datafield tag="955" ind1=" " ind2=" ">
    <subfield code="b">BENT</subfield>
    <subfield code="p">B1058887</subfield>
  </datafield>
</record>
